@article{bolton1980computation,
author = {David Bolton},
title = {The Computation of Equivalent Potential Temperature},
journal = {Monthly Weather Review},
volume = {108},
number = {7},
pages = {1046-1053},
year = {1980},
doi = {10.1175/1520-0493(1980)108<1046:TCOEPT>2.0.CO;2},
URL = {https://doi.org/10.1175/1520-0493(1980)108<1046:TCOEPT>2.0.CO;2}
}

@article{bryan2004reevaluation,
author = {George H.  Bryan and J. Michael Fritsch},
title = {A Reevaluation of Ice–Liquid Water Potential Temperature},
journal = {Monthly Weather Review},
volume = {132},
number = {10},
pages = {2421-2431},
year = {2004},
doi = {10.1175/1520-0493(2004)132<2421:AROIWP>2.0.CO;2},
URL = {https://doi.org/10.1175/1520-0493(2004)132<2421:AROIWP>2.0.CO;2}
}

@article{chen2013seasonal,
  title={Seasonal predictions of tropical cyclones using a 25-km-resolution general circulation model},
  author={Chen, Jan-Huey and Lin, Shian-Jiann},
  journal={Journal of Climate},
  volume={26},
  number={2},
  pages={380--398},
  year={2013},
  doi={10.1175/JCLI-D-12-00061.1}
}

@article{zhou2019toward,
  title={Toward Convective-Scale Prediction within the Next Generation Global Prediction System},
  author={Zhou, Linjiong and Lin, Shian-Jiann and Chen, Jan-Huey and Harris, Lucas M. and Chen, Xi and Rees, Shannon L.},
  journal={Bulletin of the American Meteorological Society},
  volume={100},
  issue={7},
  year={2019},
  doi={10.1175/bams-d-17-0246.1}
}

@article {deng2008cirrus,
author = {Deng, Min and Mace, Gerald G.},
title = {Cirrus cloud microphysical properties and air motion statistics using cloud radar Doppler moments: Water content, particle size, and sedimentation relationships},
journal = {Geophysical Research Letters},
volume = {35},
number = {17},
issn = {1944-8007},
url = {http://dx.doi.org/10.1029/2008GL035054},
doi = {10.1029/2008GL035054},
year = {2008},
note = {L17808},
}

@article{dudhia1989numerical,
author = { Jimy  Dudhia },
title = {Numerical Study of Convection Observed during the Winter Monsoon Experiment Using a Mesoscale Two-Dimensional Model},
journal = {Journal of the Atmospheric Sciences},
volume = {46},
number = {20},
pages = {3077-3107},
year = {1989},
doi = {10.1175/1520-0469(1989)046<3077:NSOCOD>2.0.CO;2},
URL = {https://doi.org/10.1175/1520-0469(1989)046<3077:NSOCOD>2.0.CO;2}
}

@book{emanuel1994atmospheric,
  title={Atmospheric Convection},
  author={Emanuel, K.A.},
  isbn={9780195066302},
  lccn={lc93010414},
  year={1994},
  publisher={Oxford University Press},
  doi={10.1002/qj.49712152516}
}

@article{harris2013two,
  title={A two-way nested global-regional dynamical core on the cubed-sphere grid},
  author={Harris, Lucas M and Lin, Shian-Jiann},
  journal={Monthly Weather Review},
  volume={141},
  number={1},
  pages={283--306},
  year={2013},
  doi={10.1175/MWR-D-11-00201.1}
}

article{hong2004revised,
author = { Song-You  Hong  and  Jimy  Dudhia  and  Shu-Hua  Chen },
title = {A Revised Approach to Ice Microphysical Processes for the Bulk Parameterization of Clouds and Precipitation},
journal = {Monthly Weather Review},
volume = {132},
number = {1},
pages = {103-120},
year = {2004},
doi = {10.1175/1520-0493(2004)132<0103:ARATIM>2.0.CO;2},
URL = {https://doi.org/10.1175/1520-0493(2004)132<0103:ARATIM>2.0.CO;2}
}

@article{lin1996multiflux,
author = { Shian-Jiann  Lin  and  Richard B.  Rood },
title = {Multidimensional Flux-Form Semi-Lagrangian Transport Schemes},
journal = {Monthly Weather Review},
volume = {124},
number = {9},
pages = {2046-2070},
year = {1996},
doi = {10.1175/1520-0493(1996)124<2046:MFFSLT>2.0.CO;2},

@article{lin1997explicit,
  title={An explicit flux-form semi-lagrangian shallow-water model on the sphere},
  author={Lin, Shian-Jiann and Rood, Richard B},
  journal={Quarterly Journal of the Royal Meteorological Society},
  volume={123},
  number={544},
  pages={2477--2498},
  year={1997},
  publisher={Wiley Online Library},
  doi={10.1002/qj.49712354416}
}

@article{lin2004vertically,
  title={A “vertically Lagrangian” finite-volume dynamical core for global models},
  author={Lin, Shian-Jiann},
  journal={Monthly Weather Review},
  volume={132},
  number={10},
  pages={2293--2307},
  year={2004},
  doi={10.1175/1520-0493(2004)132<2293:AVLFDC>2.0.CO;2}
}

@article{putman2007finite,
  title={Finite-volume transport on various cubed-sphere grids},
  author={Putman, William M and Lin, Shian-Jiann},
  journal={Journal of Computational Physics},
  volume={227},
  number={1},
  pages={55--78},
  year={2007},
  publisher={Elsevier},
  doi={10.1016/j.jcp.2007.07.022}
}

